%% This BibTeX bibliography file was created using BibDesk.
%% http://bibdesk.sourceforge.net/

%% Created for Cesar B. Rocha at 2016-07-30 18:58:23 -0700 


%% Saved with string encoding Unicode (UTF-8) 



@article{forget_etal2015,
	Author = {Forget, GAEL and Campin, J-M and Heimbach, P and Hill, CN and Ponte, RM and Wunsch, C},
	Date-Added = {2016-07-31 01:54:57 +0000},
	Date-Modified = {2016-07-31 01:58:22 +0000},
	Journal = {Geosci. Model Dev.},
	Pages = {3071-3104},
	Publisher = {Copernicus GmbH},
	Title = {{ECCO} version 4: an integrated framework for non-linear inverse modeling and global ocean state estimation},
	Volume = {8},
	Year = {2015}}

@article{silveira_etal2004,
	Author = {Da Silveira, ICA and Calado, L and Castro, BM and Cirano, M and Lima, JAM and Mascarenhas, A d S},
	Date-Added = {2016-07-31 01:53:32 +0000},
	Date-Modified = {2016-07-31 01:55:12 +0000},
	Journal = {Geophysical Research Letters},
	Number = {14},
	Publisher = {Wiley Online Library},
	Title = {{On the baroclinic structure of the Brazil Current--Intermediate Western Boundary Current system at 22--23 S}},
	Volume = {31},
	Year = {2004}}

@article{rocha_etal2014,
	Author = {Rocha, Cesar B and Silveira, Ilson CA and Castro, Belmiro M and Lima, Jose Antonio M},
	Date-Added = {2016-07-31 01:26:28 +0000},
	Date-Modified = {2016-07-31 01:26:39 +0000},
	Journal = {Journal of Geophysical Research: Oceans},
	Number = {1},
	Pages = {52--69},
	Publisher = {Wiley Online Library},
	Title = {{Vertical structure, energetics, and dynamics of the Brazil Current System at 22 S--28 S}},
	Volume = {119},
	Year = {2014}}
